    
    @Article{kallet04methods,
      author = 	 {Richard H Kallet},
      title = 	 {How to Write the Methods Section of a Research Paper},
      journal = 	 {Respiratory Care},
      year = 	 2004,
      volume =	 49,
      number =	 10,
      pages =	 {1229--1232}
    }
    
    @Unpublished{anderson04,
      author = 		 {Greg Anderson},
      title = 		 {How to Write a Paper in Scientific Journal Style and Format},
      year = 	 2004,
      organization = {Bates College},
      note = {http://abacus.bates.edu/~ganderso/biology/resources/writing/HTWtoc.html}
    }
    
    @Unpublished{jones08,
      author = 		 {Simon Peyton Jones},
      title = 		 {How to write a great research paper},
      note = 		 {Microsoft Research Cambridge},
      year = 	 2008}
    
    @Article{editor10,
      author = 		 {Editorial},
      title = 		 {Scientific writing 101},
      journal = 	 {Nature Structural \& Molecular Biology},
      year = 		 2010,
      volume = 	 17,
      pages = 	 139}
    
    @TechReport{wavelab,
      author = 		 {Jonathan B. Buckheit and David L. Donoho},
      title = 		 {WaveLab and Reproducible Research},
      institution =  {Stanford University},
      year = 		 2009}
    
    @article{gentleman05,
            title = {Reproducible Research: A Bioinformatics Case Study},
            author = {Gentleman, Robert},
            year = {2005},
            journal = {Statistical Applications in Genetics and Molecular Biology},
            volume = 4,
            number = 1,
            publisher = {The Berkeley Electronic Press},
            url = {http://www.bepress.com/sagmb/vol4/iss1/art2}
    }
    
    @article{schwab00,
     author = {Schwab, Matthias and Karrenbach, Martin and Claerbout, Jon},
     title = {Making scientific computations reproducible},
     journal = {Computing in Science and Engg.},
     volume = {2},
     number = {6},
     year = {2000},
     issn = {1521-9615},
     pages = {61--67},
     doi = {http://dx.doi.org/10.1109/5992.881708},
     publisher = {IEEE Educational Activities Department},
     address = {Piscataway, NJ, USA},
     }
    
    
    
    @Book{spolsky04software,
      author = 	 {Joel Spolsky},
      title = 		 {Joel on Software: And on Diverse \& Occasionally Related Matters That Will Prove of Interest etc..: And on Diverse and Occasionally Related Matters ... or Ill-Luck, Work with Them in Some Capacity},
      publisher = 	 {APRESS},
      year = 		 2004}
    
    @Book{hunt99pragmatic,
      author = 	 {Andrew Hunt and David Thomas},
      title = 		 {The Pragmatic Programmer},
      publisher = 	 {Addison Wesley},
      year = 		 1999}
    
    
    @article{hinz2010impact,
      title={The impact of search and recommendation systems on sales in electronic commerce},
      author={Hinz, Oliver and Eckert, Jochen},
      journal={Business \& Information Systems Engineering},
      volume={2},
      number={2},
      pages={67--77},
      year={2010},
      publisher={Springer}
    }
    
    
    @misc{scrap2018,
      title = {How Many Products Does Amazon Sell? â€“ January 2018},
      howpublished = {\url{https://www.scrapehero.com/many-products-amazon-sell-january-2018/}},
      note = {Accessed: 2018-06-12}
    }
    
    @article{koren2009matrix,
      title={Matrix factorization techniques for recommender systems},
      author={Koren, Yehuda and Bell, Robert and Volinsky, Chris},
      journal={Computer},
      volume={42},
      number={8},
      year={2009},
      publisher={IEEE}
    }
    
    @inproceedings{he2017neural,
      title={Neural collaborative filtering},
      author={He, Xiangnan and Liao, Lizi and Zhang, Hanwang and Nie, Liqiang and Hu, Xia and Chua, Tat-Seng},
      booktitle={Proceedings of the 26th International Conference on World Wide Web},
      pages={173--182},
      year={2017},
      organization={International World Wide Web Conferences Steering Committee}
    }
    
    @inproceedings{sarwar2001item,
      title={Item-based collaborative filtering recommendation algorithms},
      author={Sarwar, Badrul and Karypis, George and Konstan, Joseph and Riedl, John},
      booktitle={Proceedings of the 10th international conference on World Wide Web},
      pages={285--295},
      year={2001},
      organization={ACM}
    }
    
    @article{roweis2000nonlinear,
      title={Nonlinear dimensionality reduction by locally linear embedding},
      author={Roweis, Sam T and Saul, Lawrence K},
      journal={science},
      volume={290},
      number={5500},
      pages={2323--2326},
      year={2000},
      publisher={American Association for the Advancement of Science}
    }
    
    @article{cichocki2009fast,
      title={Fast local algorithms for large scale nonnegative matrix and tensor factorizations},
      author={Cichocki, Andrzej and Phan, Anh-Huy},
      journal={IEICE transactions on fundamentals of electronics, communications and computer sciences},
      volume={92},
      number={3},
      pages={708--721},
      year={2009},
      publisher={The Institute of Electronics, Information and Communication Engineers}
    }
    
    @inproceedings{glorot2011deep,
      title={Deep sparse rectifier neural networks},
      author={Glorot, Xavier and Bordes, Antoine and Bengio, Yoshua},
      booktitle={Proceedings of the Fourteenth International Conference on Artificial Intelligence and Statistics},
      pages={315--323},
      year={2011}
    }
    
    @inproceedings{hu2006hybrid,
      title={A hybrid user and item-based collaborative filtering with smoothing on sparse data},
      author={Hu, Rong and Lu, Yansheng},
      booktitle={Artificial Reality and Telexistence--Workshops, 2006. ICAT'06. 16th International Conference on},
      pages={184--189},
      year={2006},
      organization={IEEE}
    }
    
    @inproceedings{bell2007improved,
      title={Improved neighborhood-based collaborative filtering},
      author={Bell, Robert M and Koren, Yehuda},
      booktitle={KDD cup and workshop at the 13th ACM SIGKDD international conference on knowledge discovery and data mining},
      pages={7--14},
      year={2007},
      organization={Citeseer}
    }
    
@article{kingma2014adam,
  title={Adam: A method for stochastic optimization},
  author={Kingma, Diederik P and Ba, Jimmy},
  journal={arXiv preprint arXiv:1412.6980},
  year={2014}
}
